@techreport{Patron,
  author       = {Paton C.D and Hopkins W.G},
  title        = {Combining explosive and high-resistance training improves performance in competitive cyclists.},
  institution  = {Journal of Strength and Conditioning Research 826–830},
  year         = 2005,
  url          = {\url{https://www.ncbi.nlm.nih.gov/pubmed/16287351}}
}

@techreport{Docherty,
  author       = {Docherty D. and Sporer B.},
  title        = {A proposed model for examining the interference phenomenon between concurrent aerobic and strength training.},
  institution  = {Sports Medicine Volume 30, Issue 6, pp 385–394},
  year         = 2000,
  month        = December,
  url          = {\url{https://www.ncbi.nlm.nih.gov/pubmed/11132121}}
}

@techreport{Robert,
  author       = {Robert C. Hickson},
  title        = {Interference of Strength Development by Simultaneously Training for Strength and Endurance.},
  institution  = {University of Illinois at Chicago},
  year         = 1980,
  url          = {\url{http://citeseerx.ist.psu.edu/viewdoc/download?doi=10.1.1.656.9640&rep=rep1&type=pdf}}
}

@techreport{Brad,
  author       = {Brad J Schoenfeld},
  title        = {THE MECHANISMS OF MUSCLE HYPERTROPHY AND THEIR APPLICATION TO RESISTANCE TRAINING
},
  institution  = {Journal of Strength and Conditioning Research 24},
  year         = 2010,
  month        = October,
  url          = {\url{https://www.ncbi.nlm.nih.gov/pubmed/20847704}}
}

@techreport{Newton,
  author       = {Newton, Robert U. MHMS, CSCS; Kraemer, William J. PhD, CSCS},
  title        = {Developing Explosive Muscular Power: Implications for a Mixed Methods Training Strategy},
  institution  = {Journal of Strength and Conditioning Research 24},
  year         = 2010,
  month        = October,
  url          = {\url{https://www.ncbi.nlm.nih.gov/pubmed/20847704}}
}

@techreport{Cronin,
  author       = {John Cronin, Gord Sleivert},
  title        = {Challenges in Understanding the Influence of Maximal Power Training on Improving Athletic Performance},
  institution  = {Sports Medicine pp 213–234},
  year         = 2005,
  month        = March,
  url          = {\url{https://www.ncbi.nlm.nih.gov/pubmed/15730337}}
}

@article{Cormie,
author = {Cormie, Prue and O McCaulley, Grant and Travis Triplett, N and M McBride, Jeffrey},
year = {2007},
month = {02},
pages = {340-9},
title = {Optimal Loading for Maximal Power Output during Lower-Body Resistance Exercises},
volume = {39},
booktitle = {Medicine and science in sports and exercise}
}

@techreport{SensorGoogle,
  author       = {Google docs},
  title        = {Motion Sensors},
  institution  = {	Alphabet Inc.},
  year         = Accedido el 4 de noviembre 2017,
  url          = {\url{https://developer.android.com/guide/topics/sensors/sensors_motion.html}}
}

@techreport{WikipediaAccelerometer,
  author       = {Wikipedia},
  title        = {Accelerometer},
  institution  = {	Wikipedia foundation.},
  year         = Accedido el 4 de noviembre 2017,
  url          = {\url{https://en.wikipedia.org/wiki/Accelerometer}}
}

@techreport{GoogleAcel,
  author       = {Google docs},
  title        = {Motion Sensors},
  institution  = {Alphabet Inc.},
  year         = Accedido el 4 de noviembre 2017,
  url          = {\url{https://developer.android.com/guide/topics/sensors/sensors_motion.html#sensors-motion-accel}}
}

@techreport{DataAPI,
  author       = {Google docs},
  title        = {Sending and Syncing Data Android Wear},
  institution  = {		Alphabet Inc.},
  year         = {Accedido el 7 de noviembre 2017},
  url          = {\url{https://developer.android.com/training/wearables/data-layer/index.html}}
  }

  @techreport{playServices,
  author       = {Google docs},
  title        = {Sending and Syncing Data Android Wear},
  institution  = {		Alphabet Inc.},
  year         = {Accedido el 7 de noviembre 2017},
  url          = {\url{https://developers.google.com/android/guides/overview}}
  }

 @techreport{GoogleApiClient,
  author       = {Google docs},
  title        = {GoogleApiClient},
  institution  = {		Alphabet Inc.},
  year         = {Accedido el 7 de noviembre 2017},
  url          = {\url{https://developers.google.com/android/reference/com/google/android/gms/common/api/GoogleApiClient}}
  }

@techreport{firebase,
  author       = {Google},
  title        = {Firebase},
  institution  = {		Alphabet Inc.},
  year         = Accedido el 7 de noviembre 2017,
  url          = {\url{https://firebase.google.com/}}
  }
@techreport{madgwick,
  author       = {Sebastian O. H. Madgwick ;  Andrew J. L. Harrison ;  Ravi Vaidyanathan},
  title        = {Estimation of IMU and MARG orientation using a gradient descent algorithm},
  institution  = {IEEE},
  year         = 2011,
  month        = July,
  url          = {\url{http://ieeexplore.ieee.org/document/5975346/}}
}
@article{quaternion,
  author       = {Jack B.Kuipers},
  title        = {Quaternion and rotation sequences},
  institution  = {Departament of Mathematics, Calvin College},
  year         = 1999,
  month        = September,
  url          = {\url{http://www.emis.ams.org/proceedings/Varna/vol1/GEOM09.pdf}}
}

@misc{infojob,
author = {Indeed},
title = {https://www.indeed.es/salaries/Desarrollador/a-junior-Salaries},
year = {Accedido el 21 de Noviembre de 2017}
}

@misc{pinterest,
author = {pinterest},
title = {https://www.pinterest.es/pin/505740233134800389/},
year = {Accedido el 21 de Noviembre de 2017}
}

@misc{nxp,
author = {NXP Implementing Positioning Algorithms Using
Accelerometers},
title = {https://www.nxp.com/docs/en/application-note/AN3397.pdf/},
year = {Accedido el 21 de Noviembre de 2017}
}
@misc{graphview,
author = {Jonas Gehring},
title = {http://www.android-graphview.org},
year = { Accedido el 21 de Noviembre de 2017 }
}

@misc{navigation,
author = {Material Design},
title = {https://material.io/guidelines/components/bottom-navigation.html#bottom-navigation-specs},
year = {Accedido el 21 de Noviembre de 2017}
}
@misc{depur,
author = {El Androide},
title = {https://elandroidelibre.elespanol.com/2015/01/como-instalar-cualquier-aplicacion-en-android-wear.html},
year = {Accedido el 22 de Noviembre de 2017}
}

@misc{encoder,
author = {MuscleLab},
title = {http://www.ergotest.com/?product=product-5},
year = {Accedido el 22 de Noviembre de 2017}
}

@misc{beast,
author = {Beast},
title = {https://www.thisisbeast.com/en/products},
year = {Accedido el 22 de Noviembre de 2017}
}
@misc{push,
author = {Push},
title = {https://www.trainwithpush.com/push-band/},
year = {Accedido el 22 de Noviembre de 2017}
}
@misc{algoritmo,
author = {Will Tan},
title = {https://github.com/twillzy/senses-tw},
year = {Accedido el 22 de Noviembre de 2017}
}

@misc{lifespan,
author = {The Guardian},
title = {https://www.theguardian.com/environment/2013/jan/13/lifespan-laptop-pc-planned-obsolescence},
year = {Accedido el 22 de Noviembre de 2017}
}

@misc{nytimes,
author = {The New York Times},
title = {https://www.nytimes.com/2014/03/13/technology/personaltech/the-radical-concept-of-longevity-in-a-smartphone.html},
year = {Accedido el 22 de Noviembre de 2017}
}
@misc{authority,
author = {Android Authority},
title = {https://www.androidauthority.com/long-smart-watch-last-403968/},
year = {Accedido el 22 de Noviembre de 2017}
}
@misc{queacel,
author = {Khan Academy},
title = {https://www.khanacademy.org/science/physics/one-dimensional-motion/acceleration-tutorial/a/acceleration-article},
year = {Accedido el 22 de Noviembre de 2017}
}
